@inproceedings{DBLP:conf/nolcos/KordaHJ13,
  author    = {Milan Korda and
               Didier Henrion and
               Colin Neil Jones},
  title     = {Inner Approximations of the Region of Attraction for Polynomial Dynamical
               Systems},
  booktitle = {{NOLCOS}},
  @pages     = {534--539},
@publisher = {International Federation of Automatic Control},
  year      = {2013}
}

@inproceedings{Dang,
  author    = {Thao Dang and
               David Salinas},
  title     = {Image Computation for Polynomial Dynamical Systems Using the Bernstein
               Expansion},
  booktitle = {CAV},
  pages     = {219--232},
  year      = {2009}
}

@inproceedings{NLTOOLBOX,
  author    = {Romain Testylier and
               Thao Dang},
  title     = {{NLTOOLBOX:} {A} Library for Reachability Computation of Nonlinear
               Dynamical Systems},
  booktitle = {ATVA},
  pages     = {469--473},
  year      = {2013}
}

@article{Dang2,
  author    = {Thao Dang and
               Romain Testylier},
  title     = {Reachability Analysis for Polynomial Dynamical Systems Using the Bernstein
               Expansion},
  journal   = {Reliable Computing},
  volume    = {17},
  pages     = {128--152},
  year      = {2012}
}

@inproceedings{Dang3,
  author    = {Mohamed Amin Ben Sassi and
               Romain Testylier and
               Thao Dang and
               Antoine Girard},
  title     = {Reachability Analysis of Polynomial Systems Using Linear Programming
               Relaxations},
  booktitle = {ATVA},
  @pages     = {137--151},
  year      = {2012}
}

@inproceedings{FLOW,
  author    = {Xin Chen and
               Erika {\'{A}}brah{\'{a}}m and
               Sriram Sankaranarayanan},
  title     = {Flow*: An Analyzer for Non-linear Hybrid Systems},
  booktitle = {CAV},
  pages     = {258--263},
  year      = {2013}
}

@inproceedings{SPACEEX,
  author    = {Goran Frehse and
               Colas Le Guernic and
               Alexandre Donz{\'{e}} and
               Scott Cotton and
               Rajarshi Ray and
               Olivier Lebeltel and
               Rodolfo Ripado and
               Antoine Girard and
               Thao Dang and
               Oded Maler},
  title     = {SpaceEx: Scalable Verification of Hybrid Systems},
  booktitle = {CAV},
  pages     = {379--395},
  year      = {2011}
}

@inproceedings{Dang4,
  author    = {Thao Dang and
               Oded Maler and
               Romain Testylier},
  title     = {Accurate hybridization of nonlinear systems},
  booktitle = {HSCC},
  @pages     = {11--20},
  year      = {2010}
}

@inproceedings{Gold06,
 author = {Goldsztejng, Alexandre and Hayes, Wayne},
 title = {Rigorous Inner Approximation of the Range of Functions},
 booktitle = {SCAN},
 @series = {SCAN '06},
 year = {2006},
 publisher = {IEEE Computer Society}
} 

@incollection{Ru99a,
   author = {Rump, {S.M.}},
   title = {{INTLAB - INTerval LABoratory}},
   booktitle = {{Developments~in~Reliable Computing}},
   publisher = {Kluwer Academic Publishers},
   pages = {77--104},
   year = {1999},
}

@Article{Zgliczynski2002,
author="Zgliczynski, Piotr",
title="{$C^1$} {L}ohner Algorithm",
journal="Foundations of Computational Mathematics",
year="2002",
volume="2",
number="4",
pages="429--465"
}

@article{DBLP:journals/constraints/IshiiGJ12,
  author    = {Daisuke Ishii and
               Alexandre Goldsztejn and
               Christophe Jermann},
  title     = {Interval-based projection method for under-constrained numerical systems},
  journal   = {Constraints},
  volume    = {17},
  number    = {4},
  pages     = {432--460},
  year      = {2012}
}

@inproceedings{underapprox16,
TITLE="Under-Approximating Backward Reachable Sets by Polytopes",
BOOKTITLE="CAV",
YEAR=2016,
@MONTH=may,
AUTHOR="Bai Xue and
Zhikun She
and Arvind Easwaran"
}

@article{wilczak,
AUTHOR="D. Wilczak",
TITLE="$C^r$-Lohner algorithm",
JOURNAL="Schedae Informaticae", 
VOLUME=20, 
PAGES="9--46",
YEAR=2011
}

@ARTICLE{Taylor07,
    author = {M. Neher and K. R. Jackson and N. S. Nedialkov},
    title = {On Taylor model based integration of ODEs},
    journal = {SIAM J. Numer. Anal},
    year = {2007},
    volume = {45}
}

@inproceedings{hscc14,
  author    = {Eric Goubault and
               Olivier Mullier and
               Sylvie Putot and
               Michel Kieffer},
  title     = {Inner approximated reachability analysis},
  booktitle = {HSCC},
  pages     = {163--172},
  year      = {2014}
}

@inproceedings{ltl,
  author = {Pnueli, Amir},
  booktitle = {FOCS},
  pages = {46-57},
  publisher = {IEEE Computer Society},
  year = 1977
}



@article{abstractmodelchecking,
 author = {Clarke, Edmund M. and Grumberg, Orna and Long, David E.},
 title = {Model Checking and Abstraction},
 journal = {ACM Trans. Program. Lang. Syst.},
 @issue_date = {Sept. 1994},
 volume = {16},
 number = {5},
 @month = sep,
 year = {1994},
 pages = {1512--1542}
} 

@article{Koymans1990,
author="Koymans, Ron",
title="Specifying real-time properties with metric temporal logic",
journal="Real-Time Systems",
year="1990",
volume="2",
number="4",
pages="255--299"
}

@inproceedings{falsification2,
 author = {Zutshi, Aditya and Sankaranarayanan, Sriram and Deshmukh, Jyotirmoy V. and Kapinski, James and Jin, Xiaoqing},
 title = {Falsification of Safety Properties for Closed Loop Control Systems},
 booktitle = {HSCC},
 @series = {HSCC '15},
 year = {2015},
 pages = {299--300}
} 

@inproceedings{falsification1,
  author    = {Sriram Sankaranarayanan and
               Georgios E. Fainekos},
  title     = {Falsification of temporal properties of hybrid systems using the cross-entropy
               method},
  booktitle = {HSCC},
  pages     = {125--134},
  year      = {2012}
}



@Inbook{maler2008,
author="Maler, Oded
and Nickovic, Dejan
and Pnueli, Amir",
title="Checking Temporal Properties of Discrete, Timed and Continuous Behaviors",
year="2008",
publisher="Springer",
pages="475--505",
}

@article{rc13,
	Author = {Goubault, Eric and Kieffer, Michel and Mullier, Olivier and Putot, Sylvie},
	Journal = {Reliable Computing},
        Volume = {18},
	Title = {General Inner Approximation of Vector-Valued Functions},
	Year = {2013},
        Pages = {117--143}
}

@article{Goldsztejn2010,
  title={Inner approximation of the range of vector-valued functions},
  author={Goldsztejn, Alexandre and Jaulin, Luc and others},
  journal={Reliable Computing},
  pages={1--23},
  volume={14},
  year={2010}
}


@book{IA2001,
   title = "Applied interval analysis : with examples in parameter and state estimation, robust control and robotics",
   author = "Jaulin, Luc and Kieffer, Michel and Didrit, Olivier",
   publisher = "Springer",
   year = 2001
}


@inproceedings{GirardHSCC2005,
 author = {Girard, Antoine},
 title = {Reachability of uncertain linear systems using zonotopes},
 booktitle = {HSCC'05},
 year = {2005},
 publisher = {Springer}
} 

@inproceedings{Bouissou1,
  author    = {O. Bouissou and
               A. Chapoutot and
               A. Djoudi},
  title     = {Enclosing Temporal Evolution of Dynamical Systems Using
               Numerical Methods},
  booktitle = {NFM},
  year      = {2013}
}

@article{Bouissou2,
  author    = {Olivier Bouissou and
               Alexandre Chapoutot and
               Samuel Mimram},
  title     = {Computing Flowpipe of Nonlinear Hybrid Systems with Numerical
               Methods},
  journal   = {CoRR},
  volume    = {abs/1306.2305},
  year      = {2013},
  @ee        = {http://arxiv.org/abs/1306.2305}
}

@inproceedings{Sriram1,
  author    = {Xin Chen and
               Erika {\'A}brah{\'a}m and
               Sriram Sankaranarayanan},
  title     = {Taylor Model Flowpipe Construction for Non-linear Hybrid
               Systems},
  booktitle = {RTSS},
  year      = {2012},
  pages     = {183-192}
}

@inproceedings{Sriram2,
  author    = {Xin Chen and
               Erika {\'A}brah{\'a}m and
               Sriram Sankaranarayanan},
  title     = {Flow*: An Analyzer for Non-linear Hybrid Systems},
  booktitle = {CAV},
  year      = {2013},
  pages     = {258-263}
}


@INCOLLECTION{Lohner,
       author = "Rudolf J. Lohner",
       title = "Enclosing the Solutions of Ordinary Initial and Boundary Value Problems",
       Booktitle = "Computer Arithmetic: Scientific Computation and Programming Languages",
       year = "1987",
       PAGES = "255--286",
       publisher = "Wiley-Teubner"
}

@article{Kaucher,
   author = {E.W. Kaucher},
   year = {1980},
   title = {Interval analysis in the extended interval space {IR}},
   journal = {Comput. (Supplementum) 2}
}

@inproceedings{gold1,
  author    = {Alexandre Goldsztejn and David Daney and Michel Rueher and Patrick Taillibert},
  title     = {Modal intervals revisited: a mean-value extension to generalized intervals},
  booktitle = {QCP'05},
  year = {2005}
}


@Article{gold2,
  author =       "Alexandre Goldsztejn",
  title =        "Modal Intervals Revisited, Part 1:
                  A Generalized Interval Natural Extension",
  journal =      "Reliable Computing",
  volume =       "16",
  pages =        "130--183",
  year =         "2012",
}

@Article{gold3,
  author =       "Alexandre Goldsztejn",
  title =        "Modal Intervals Revisited, Part 2:
                  A Generalized Interval Mean Value Extension",
  journal =      "Reliable Computing",
  volume =       "16",
  pages =        "184--209",
  year =         "2012",
}


@inproceedings{sas07,
  author    = {Eric Goubault and
               Sylvie Putot},
  title     = {Under-Approximations of Computations in Real Numbers Based
               on Generalized Affine Arithmetic},
  booktitle = {SAS},
  year      = {2007},
  pages     = {137-152},
  @ee        = {http://dx.doi.org/10.1007/978-3-540-74061-2_9}
}

@inproceedings{Support,
  author    = {Colas Le Guernic and
               Antoine Girard},
  title     = {Reachability Analysis of Hybrid Systems Using Support Functions},
  booktitle = {CAV},
  year      = {2009}
}

@ARTICLE{HenrionLouembet,
AUTHOR="Henrion, Didier and Louembet, Christophe",
TITLE="Convex inner approximations of nonconvex semialgebraic
sets applied to fixed-order controller design",
JOURNAL="International Journal of Control",
VOLUME=85,
NUMBER=8,
PAGES="1083--1092", 
YEAR=2012
}

@inproceedings{Kurzhanski,
 author = {Kurzhanski, Alexander B. and Varaiya, Pravin},
 title = {Ellipsoidal Techniques for Reachability Analysis},
 booktitle = {HSCC '00},
 year = {2000},
 pages = {202--214},
 publisher = {Springer}
} 



@inproceedings{cav10,
  author    = {Khalil Ghorbal and
               Eric Goubault and
               Sylvie Putot},
  title     = {A logical product approach to zonotope intersection},
  booktitle = {CAV'10},
  year      = {2010},
  series    = {LNCS},
  volume    = {6174}
}

@inproceedings{Kanade09,
 author = {Kanade, Aditya and Alur, Rajeev and Ivan\v{c}i\'{c}, Franjo and Ramesh, S. and Sankaranarayanan, Sriram and Shashidhar, K. C.},
 title = {Generating and Analyzing Symbolic Traces of Simulink/Stateflow Models},
 booktitle = {CAV'09},
 year = {2009},
 publisher = {Springer}
} 


@inproceedings{Nghiem10,
 author = {Nghiem, Truong and Sankaranarayanan, Sriram and Fainekos, Georgios and Ivanci\'{c}, Franjo and Gupta, Aarti and Pappas, George J.},
 title = {Monte-carlo Techniques for Falsification of Temporal Properties of Non-linear Hybrid Systems},
 booktitle = {HSCC'10},
 year = {2010},
 publisher = {ACM}
} 

@ARTICLE{Alur95,
    author = {Rajeev Alur and Costas Courcoubetis and Nicolas Halbwachs and Tom A. Henzinger and P.-H. Ho and Xavier Nicollin and A. Olivero and Joseph Sifakis and Serge Yovine},
    title = {The algorithmic analysis of hybrid systems},
    journal = {TCS},
    year = {1995},
    volume = {138},
    pages = {3--34}
}

@article{RamdaniMCS14,
author="Ma{\"i}ga, Moussa
and Ramdani, Nacim
and Trav{\'e}-Massuy{\`e}s, Louise
and Combastel, Christophe",
title="A CSP Versus a Zonotope-Based Method for Solving Guard Set Intersection in Nonlinear Hybrid Reachability",
journal="Mathematics in Computer Science",
year="2014",
volume="8",
number="3",
pages="407--423",
@doi="10.1007/s11786-014-0204-y"
}

@MISC{VNODELP,
AUTHOR={Nedialkov, Ned S.},
TITLE="An Interval Solver for Initial Value Problems in Ordinary Differential Equations",
INSTITUTION="available at \url{http://www.cas.mcmaster.ca/~nedialk/vnodelp/}"
}

@article{Nedialkov99,
 author = {Nedialkov, Ned S. and Jackson, Kenneth R. and Corliss, George F.},
 title = {Validated Solutions of Initial Value Problems for Ordinary Differential Equations},
 journal = {Appl. Math. Comput.},
 @issue_date = {October, 1999},
 volume = {105},
 number = {1},
 @month = oct,
 year = {1999},
 @issn = {0096-3003},
 pages = {21--68},
 numpages = {48},
 @publisher = {Elsevier Science Inc.}
} 

@Book{Moore66,
  author =       "Ramon E. Moore",
  title =        "Interval analysis",
  year =         "1966"
}

@article{com-sto-93-aa,
        author = {Comba, Jo\tilde{a}o L. D. and Stolfi, Jorge},
        title = {Affine arithmetic and its applications to computer graphics},
        year = 1993,
        journal = {Proceedings of SIBGRAPI}
}

@article{model01,
year={2001},
journal={Reliable Computing},
volume={7},
number={2},
title={Model Intervals},
author={Gardeñes, E. and Sainz, M. and Jorba, L. and Calm, R. and Estela, R. and Mielgo, H. and Trepat, A.},
pages={77-111},
}

@INPROCEEDINGS{Underapproxflowpipes,
     author = {Chen, Xin and Sankaranarayanan, Sriram and Abraham, Erika},
      title = {Under-approximate Flowpipes for Non-linear Continuous Systems},
  booktitle = {FMCAD},
       year = {2014},
      pages = {59--66},
  publisher = {IEEE/ACM}
}

@phdthesis{LeGuernic09, 
    title = {Reachability Analysis of Hybrid Systems with Linear Continuous Dynamics }, 
    author = {Le Guernic, Colas},
    year = {2009},
    school = {University Joseph Fourier},
    team = {TEMPO},
}

@inproceedings{GirardLinear06,
  author    = {Antoine Girard and
               Colas Le Guernic and
               Oded Maler},
  title     = {Efficient Computation of Reachable Sets of Linear Time-Invariant Systems
               with Inputs},
  booktitle = {HSCC},
  pages     = {257--271},
  year      = {2006}
}

@inproceedings{Circuits06,
 author = {Frehse, Goran and Krogh, Bruce H. and Rutenbar, Rob A.},
 title = {Verifying Analog Oscillator Circuits Using Forward/Backward Abstraction Refinement},
 booktitle = {Proceedings of the Conference on Design, Automation and Test in Europe: Proceedings},
 series = {DATE '06},
 year = {2006},
 pages = {257--262},
 @publisher = {European Design and Automation Association}
} 